@article{rodrigues_demodulador_2018,
  title = {Demodulador ARGOS III Compatível com Sinais PTT-A2 e PTT-A3},
  url = {http://mtc-m21c.sid.inpe.br/col/sid.inpe.br/mtc-m21c/2018/08.01.12.38/doc/publicacao.pdf},
  language = {pt},
  author = {Rodrigues, José Antonio},
  year = {2018},
  pages = {104}
}

@article{gomes_otimizacao_2024,
  title = {Otimização de órbita para comunicação de nanossatélites da Constelação Catarina},
  url = {https://repositorio.ufsc.br/handle/123456789/255917},
  language = {pt},
  author = {Gomes, Guilherme Peinador},
  year = {2024},
  note = {Accepted: 2024-07-11. Publisher: Joinville, SC}
}

@inproceedings{silva_um_2022,
  title = {Um framework para a identificação e diferenciação de plataformas de coleta de dados ambientais do Sistema Nacional de Dados Ambientais (SINDA)},
  url = {https://sol.sbc.org.br/index.php/sbsi_estendido/article/view/21563},
  doi = {10.5753/sbsi_estendido.2022.222715},
  abstract = {O objetivo deste trabalho é a criação de um framework para garantir a transparência de dados abertos provenientes do Sistema Integrado de Dados Ambientais (SINDA)...},
  language = {pt},
  booktitle = {Simpósio Brasileiro de Sistemas de Informação (SBSI)},
  publisher = {SBC},
  author = {Silva, Ramon Brandi da and Almeida, Eugenio Sper de},
  year = {2022},
  note = {ISSN: 0000-0000},
  pages = {17--20}
}

@article{de_magalhaes_development_2011,
  title = {Development of an Argos Beacon for the VORSat Satellite},
  url = {https://repositorio-aberto.up.pt/bitstream/10216/59266/1/000146273.pdf},
  language = {en},
  author = {De Magalhães, Eduardo},
  year = {2011},
  pages = {64}
}

@mastersthesis{lima_parallel_2021,
  title = {A parallel software-defined ultra-low-power receiver for a satellite message forwarding system},
  author = {Lima, Raffael Sadite Cordoville Gomes de},
  school = {Universidade Federal do Rio Grande do Norte},
  year = {2021},
  language = {pt-BR},
  url = {https://repositorio.ufrn.br/handle/123456789/45768},
  note = {Accepted: 2022-02-02}
}

@article{lam_performance_1997,
  title = {Performance of Pulse Code Modulation/Phase Modulation Receivers With Nonideal Data},
  url = {https://scispace.com/pdf/performance-of-pulse-code-modulation-phase-modulation-2n1pjq58f8.pdf},
  language = {en},
  author = {Lam, L and Million, S},
  year = {1997},
  pages = {17}
}

@article{martin_phase_1993,
  title = {PHASE 1: Bandwidth Utilization},
  url = {https://deepspace.jpl.nasa.gov/files/phase1.pdf},
  language = {en},
  author = {Martin, Warren L and Nguyen, Tien M},
  year = {1993},
  pages = {28}
}

@article{duarte_multiuser_2021,
  title = {A multiuser decoder based on spectrum analysis for the Brazilian Environmental Data Collecting System},
  volume = {39},
  number = {2},
  issn = {1542-0981},
  url = {https://onlinelibrary.wiley.com/doi/10.1002/sat.1381},
  doi = {10.1002/sat.1381},
  language = {en},
  journal = {International Journal of Satellite Communications and Networking},
  author = {Duarte, José Marcelo L. and Lima, Raffael S. C. G. de and Ramos, Vítor S. and Carvalho, Manoel J. M. de},
  year = {2021},
  note = {Publisher: John Wiley \& Sons, Ltd},
  pages = {205--220}
}

@article{cnes_services_and_message_formats_ed2_rev2_2006,
  title = {Services and Message Formats Ed2 Rev2},
  language = {en},
  author = {CNES, Project Team},
  year = {2006},
  pages = {80}
}

@inproceedings{fraire_direct--satellite_2019,
  title = {Direct-To-Satellite},
  isbn = {978-3-030-31831-4},
  url = {https://link.springer.com/chapter/10.1007/978-3-030-31831-4_17},
  doi = {10.1007/978-3-030-31831-4_17},
  abstract = {The Internet of Things (IoT) has drawn enormous attention into the scientific community...},
  language = {en},
  booktitle = {Ad-Hoc, Mobile, and Wireless Networks},
  publisher = {Springer, Cham},
  author = {Fraire, Juan A. and Céspedes, Sandra and Accettura, Nicola},
  year = {2019},
  note = {ISSN: 1611-3349},
  pages = {241--258}
}

@article{Centenaro-2021,
  author = {Centenaro, Marco and Costa, Cristina E. and Granelli, Fabrizio and Sacchi, Claudio and Vangelista, Lorenzo},
  journal = {IEEE Communications Surveys \& Tutorials},
  title = {A Survey on Technologies, Standards and Open Challenges in Satellite IoT},
  year = {2021},
  volume = {23},
  number = {3},
  pages = {1693--1720},
  keywords = {Internet of Things;Satellites;Satellite broadcasting;Tutorials;5G mobile communication;Monitoring;Long Term Evolution;Internet of Things;satellite communication;protocols;standardization;5G and beyond;NTN;LPWAN;LPGAN;CubeSat;industrial research},
  doi = {10.1109/COMST.2021.3078433}
}


@article{ccsds_tm_2012,
	title = {{CONSULTATIVE} {COMMITTEE} {FOR} {SPACE} {DATA} {SYSTEM} 130.1-{G}-2},
	url = {https://ccsds.org/Pubs/130x1g2s.pdf},
	language = {en},
	author = {, CCSDS},
	year = {2012},
	file = {PDF:/home/cadore/snap/zotero-snap/common/Zotero/storage/ERZFXAYB/2012 - TM Synchronization and Channel Coding—Summary of Concept and Rationale.pdf:application/pdf},
}

@misc{noauthor_metadados_nodate,
	title = {Metadados do item: {Detector} de sinais para os satélites do {Sistema} {Brasileiro} de {Coleta} de {Dados} usando análise espectral digital.},
	url = {https://bdtd.ibict.br/vufind/Record/ITA_85ccdf4053ad507bb66f3efbb324e499},
	urldate = {2025-06-28},
	file = {Metadados do item\: Detector de sinais para os satélites do Sistema Brasileiro de Coleta de Dados usando análise espectral digital.:/home/cadore/snap/zotero-snap/common/Zotero/storage/SFN3656T/ITA_85ccdf4053ad507bb66f3efbb324e499.html:text/html},
}

@book{shu2011error,
  title={Error Control Coding},
  author={Shu, L.},
  isbn={9788131734407},
  url={https://books.google.com.br/books?id=BG08Zylo_7gC},
  year={2011},
  publisher={Pearson India}
}

@book{10555531840,
author = {Sklar, Bernard},
title = {Digital communications: fundamentals and applications},
year = {1988},
isbn = {0132119390},
publisher = {Prentice-Hall, Inc.},
address = {USA}
}

@mastersthesis{rae2005detector,
  author       = {Rae, João Carlos Pécala},
  title        = {Detector de sinais para os satélites do Sistema Brasileiro de Coleta de Dados usando análise espectral digital},
  school       = {Nome da Instituição},
  year         = {2005},
  type         = {Dissertação de Mestrado},
  address      = {Brasil},
  language     = {portuguese},
  note         = {Disponível conforme normas APA, Chicago e MLA}
}

# github repository
@misc{githubrepository,
  author = {Cadore, Arthur},
  title = {argos3},
  year = {2025},
  publisher = {GitHub},
  journal = {GitHub Repository},
  url = {https://github.com/arthurcadore/argos3/},
  note = {Accessed: 2025-10-05}
}